@ARTICLE{Lee,

  author={ {Byeong Lee}},

  journal={IEEE Transactions on Acoustics, Speech, and Signal Processing}, 

  title={A new algorithm to compute the discrete cosine Transform}, 

  year={1984},

  volume={32},

  number={6},

  pages={1243-1245}
 }

@inproceedings{LAGERSTRM2001DesignAI,
  title={Design and Implementation of an MPEG-1 Layer III Audio Decoder},
  author={KRISTER LAGERSTR{\"O}M},
  year={2001},
  url  = "http://citeseerx.ist.psu.edu/viewdoc/download?doi=10.1.1.118.3056&rep=rep1&type=pdf#page=34",
}

@article{10.2307/2003354,
 ISSN = {00255718, 10886842},
 URL = {http://www.jstor.org/stable/2003354},
 author = {James W. Cooley and John W. Tukey},
 journal = {Mathematics of Computation},
 number = {90},
 pages = {297--301},
 publisher = {American Mathematical Society},
 title = {An Algorithm for the Machine Calculation of Complex Fourier Series},
 volume = {19},
 year = {1965}
}

@software{nayuki,
  author = {{Nayuki}},
  title = {Fast discrete cosine transform algorithms},
  url = {https://www.nayuki.io/page/fast-discrete-cosine-transform-algorithms},
  version = {0.20.2},
  date = {2018-09-23},
}